<?xml version="1.0" encoding="UTF-8" ?>
<collection xmlns:xsi="http://www.w3.org/2001/XMLSchema-instance" xsi:schemaLocation="http://www.loc.gov/MARC21/slim http://www.loc.gov/standards/marcxml/schema/MARC21slim.xsd" xmlns="http://www.loc.gov/MARC21/slim">
   <record>
      <leader>     cam a22      a 4500</leader>
      <controlfield tag="001">5019427</controlfield>
      <controlfield tag="003">COO</controlfield>
      <controlfield tag="005">20140720190605.0</controlfield>
      <controlfield tag="008">040304s1951    ua            000 0 ara d</controlfield>
      <datafield tag="035" ind1=" " ind2=" ">
         <subfield code="a">(OCoLC)54785727</subfield>
      </datafield>
      <datafield tag="035" ind1=" " ind2=" ">
         <subfield code="a">5019427</subfield>
      </datafield>
      <datafield tag="040" ind1=" " ind2=" ">
         <subfield code="a">NIC</subfield>
         <subfield code="c">NIC</subfield>
      </datafield>
      <datafield tag="050" ind1=" " ind2="4">
         <subfield code="a">BP192.5</subfield>
         <subfield code="b">.F571 1951</subfield>
      </datafield>
      <datafield tag="100" ind1="1" ind2=" ">
         <subfield code="a">Fīrūzābādī al-Shīrāzī, Abū Isḥāq Ibrāhīm ibn ʻAlī ibn Yūsuf,</subfield>
         <subfield code="d">approximately 1003-1083.</subfield>
      </datafield>
      <datafield tag="240" ind1="1" ind2="0">
         <subfield code="a">Tanbīh</subfield>
      </datafield>
      <datafield tag="245" ind1="1" ind2="3">
         <subfield code="a">al-Tanbīh fī al-fiqh ʻalá madhhab al-Imām al-Shāfiʻī /</subfield>
         <subfield code="c">tal̉īf Abī Isḥāq Ibrāhīm ibn ʻAlī ibn Yūsuf al-Shīrāzī al-Fīrūzābādī.  Wa-bi-dhayl ṣaḥāʼifihi Maqṣad al-nabīh fī sharḥ khuṭbat al-Tanbīh / li-Muḥammad ibn Jamāʻah al-Shāfiʻī. Wa-bi-al-hāmish Ṭaṣḥīḥ al-Tanbīh / lil-Imām Muḥyī al-Dīn Yaḥyá al-Nawawī.</subfield>
      </datafield>
      <datafield tag="250" ind1=" " ind2=" ">
         <subfield code="a">al-Ṭabʻah al-akhīrah.</subfield>
      </datafield>
      <datafield tag="260" ind1=" " ind2=" ">
         <subfield code="a">Miṣr :</subfield>
         <subfield code="b">Muṣṭafá al-Bābī al-Ḥalabī,c1951.</subfield>
      </datafield>
      <datafield tag="300" ind1=" " ind2=" ">
         <subfield code="a">168 p. ;</subfield>
         <subfield code="c">28 cm.</subfield>
      </datafield>
      <datafield tag="650" ind1=" " ind2="0">
         <subfield code="a">Islamic law</subfield>
         <subfield code="x">Early works to 1800.</subfield>
      </datafield>
      <datafield tag="650" ind1=" " ind2="0">
         <subfield code="a">Shafiites</subfield>
         <subfield code="x">Early works to 1800.</subfield>
      </datafield>
      <datafield tag="600" ind1="1" ind2="0">
         <subfield code="a">Fīrūzābādī al-Shīrāzī, Abū Isḥāq Ibrāhīm ibn ʻAlī ibn Yūsuf,</subfield>
         <subfield code="d">approximately 1003-1083.</subfield>
         <subfield code="t">Tanbīh.</subfield>
      </datafield>
      <datafield tag="700" ind1="1" ind2=" ">
         <subfield code="a">Nawawī,</subfield>
         <subfield code="d">1233-1277.</subfield>
         <subfield code="t">Tanbīh,</subfield>
         <subfield code="f">1951.</subfield>
      </datafield>
      <datafield tag="700" ind1="1" ind2=" ">
         <subfield code="a">Shāfiʻī, Muḥammad ibn Jamāʻah.</subfield>
         <subfield code="t">Maqṣad al-nabīh fī sharḥ khuṭbat al-Tanbīh,</subfield>
         <subfield code="f">1951.</subfield>
      </datafield>
      <datafield tag="740" ind1="0" ind2=" ">
         <subfield code="a">Maqṣad al-nabīh fī sharḥ khuṭbat al-Tanbīh.</subfield>
      </datafield>
      <datafield tag="948" ind1="1" ind2=" ">
         <subfield code="a">20040308</subfield>
         <subfield code="b">o</subfield>
         <subfield code="d">ah16</subfield>
         <subfield code="e">lts</subfield>
      </datafield>
      <datafield tag="903" ind1=" " ind2=" ">
         <subfield code="a">NYUACO</subfield>
         <subfield code="d">20141028</subfield>
         <subfield code="p">31924098160207</subfield>
      </datafield>
      <datafield tag="950" ind1=" " ind2=" ">
         <subfield code="a">Oversize</subfield>
         <subfield code="b">BP192.5 .F571 1951 +</subfield>
         <subfield code="v"> </subfield>
      </datafield>
   </record>
</collection>
